% 20172960 
@Article{pmid20172960,
   Author="Bauer, S.  and Gagneur, J.  and Robinson, P. N. ",
   Title="{{G}{O}ing {B}ayesian: model-based gene set analysis of genome-scale data}",
   Journal="Nucleic Acids Res.",
   Year="2010",
   Volume="38",
   Number="11",
   Pages="3523--3532",
   Month="Jun"
}

% 21561920 
@Article{pmid21561920,
   Author="Bauer, S.  and Robinson, P. N.  and Gagneur, J. ",
   Title="{{M}odel-based gene set analysis for {B}ioconductor}",
   Journal="Bioinformatics",
   Year="2011",
   Volume="27",
   Number="13",
   Pages="1882--1883",
   Month="Jul"
}

% 15297299 
@Article{pmid15297299,
   Author="Boyle, E. I.  and Weng, S.  and Gollub, J.  and Jin, H.  and Botstein, D.  and Cherry, J. M.  and Sherlock, G. ",
   Title="{{G}{O}::{T}erm{F}inder--open source software for accessing {G}ene {O}ntology information and finding significantly enriched {G}ene {O}ntology terms associated with a list of genes}",
   Journal="Bioinformatics",
   Year="2004",
   Volume="20",
   Number="18",
   Pages="3710--3715",
   Month="Dec"
}

% 18676451 
@Article{pmid18676451,
   Author="Lu, Y.  and Rosenfeld, R.  and Simon, I.  and Nau, G. J.  and Bar-Joseph, Z. ",
   Title="{{A} probabilistic generative model for {G}{O} enrichment analysis}",
   Journal="Nucleic Acids Res.",
   Year="2008",
   Volume="36",
   Number="17",
   Pages="e109",
   Month="Oct"
}

% 20436461 
@Article{pmid20436461,
   Author="McLean, C. Y.  and Bristor, D.  and Hiller, M.  and Clarke, S. L.  and Schaar, B. T.  and Lowe, C. B.  and Wenger, A. M.  and Bejerano, G. ",
   Title="{{G}{R}{E}{A}{T} improves functional interpretation of cis-regulatory regions}",
   Journal="Nat. Biotechnol.",
   Year="2010",
   Volume="28",
   Number="5",
   Pages="495--501",
   Month="May"
}

% 23868073 
@Article{pmid23868073,
   Author="Mi, H.  and Muruganujan, A.  and Casagrande, J. T.  and Thomas, P. D. ",
   Title="{{L}arge-scale gene function analysis with the {P}{A}{N}{T}{H}{E}{R} classification system}",
   Journal="Nat Protoc",
   Year="2013",
   Volume="8",
   Number="8",
   Pages="1551--1566",
   Month="Aug"
}

% 23586463 
@Article{pmid23586463,
   Author="Chen, E. Y.  and Tan, C. M.  and Kou, Y.  and Duan, Q.  and Wang, Z.  and Meirelles, G. V.  and Clark, N. R.  and Ma'ayan, A. ",
   Title="{{E}nrichr: interactive and collaborative {H}{T}{M}{L}5 gene list enrichment analysis tool}",
   Journal="BMC Bioinformatics",
   Year="2013",
   Volume="14",
   Pages="128",
   Month="Apr"
}

% 25971742 
@Article{pmid25971742,
   Author="Gundersen, G. W.  and Jones, M. R.  and Rouillard, A. D.  and Kou, Y.  and Monteiro, C. D.  and Feldmann, A. S.  and Hu, K. S.  and Ma'ayan, A. ",
   Title="{{G}{E}{O}2{E}nrichr: browser extension and server app to extract gene sets from {G}{E}{O} and analyze them for biological functions}",
   Journal="Bioinformatics",
   Year="2015",
   Volume="31",
   Number="18",
   Pages="3060--3062",
   Month="Sep"
}

% 27141961 
@Article{pmid27141961,
   Author="Kuleshov, M. V.  and Jones, M. R.  and Rouillard, A. D.  and Fernandez, N. F.  and Duan, Q.  and Wang, Z.  and Koplev, S.  and Jenkins, S. L.  and Jagodnik, K. M.  and Lachmann, A.  and McDermott, M. G.  and Monteiro, C. D.  and Gundersen, G. W.  and Ma'ayan, A. ",
   Title="{{E}nrichr: a comprehensive gene set enrichment analysis web server 2016 update}",
   Journal="Nucleic Acids Res.",
   Year="2016",
   Volume="44",
   Number="W1",
   Pages="W90--97",
   Month="Jul"
}

% 27072794 
@Article{pmid27072794,
   Author="Buels, R.  and Yao, E.  and Diesh, C. M.  and Hayes, R. D.  and Munoz-Torres, M.  and Helt, G.  and Goodstein, D. M.  and Elsik, C. G.  and Lewis, S. E.  and Stein, L.  and Holmes, I. H. ",
   Title="{{J}{B}rowse: a dynamic web platform for genome visualization and analysis}",
   Journal="Genome Biol.",
   Year="2016",
   Volume="17",
   Pages="66",
   Month="Apr"
}

% 26111374 
@Article{pmid26111374,
   Author="Hejblum, B. P.  and Skinner, J.  and Thiebaut, R. ",
   Title="{{T}ime-{C}ourse {G}ene {S}et {A}nalysis for {L}ongitudinal {G}ene {E}xpression {D}ata}",
   Journal="PLoS Comput. Biol.",
   Year="2015",
   Volume="11",
   Number="6",
   Pages="e1004310",
   Month="Jun"
}

% 26877824 
@Article{pmid26877824,
   Author="Lin, Z.  and Sanders, S. J.  and Li, M.  and Sestan, N.  and State, M. W.  and Zhao, H. ",
   Title="A {M}arkov random field-based approach to characterizing human brain development using spatial-temporal transcriptome data",
   Journal="Ann Appl Stat",
   Year="2015",
   Volume="9",
   Number="1",
   Pages="429--451",
   Month="Mar"
}

% 24675718 
@Article{pmid24675718,
   Author="Szczurek, E.  and Beerenwinkel, N. ",
   Title="{{M}odeling mutual exclusivity of cancer mutations}",
   Journal="PLoS Comput. Biol.",
   Year="2014",
   Volume="10",
   Number="3",
   Pages="e1003503",
   Month="Mar"
}

% 18511468 
@Article{pmid18511468,
   Author="Bauer, S.  and Grossmann, S.  and Vingron, M.  and Robinson, P. N. ",
   Title="{{O}ntologizer 2.0--a multifunctional tool for {G}{O} term enrichment analysis and data exploration}",
   Journal="Bioinformatics",
   Year="2008",
   Volume="24",
   Number="14",
   Pages="1650--1651",
   Month="Jul"
}

% 22543366 
@Article{pmid22543366,
   Author="Jiao, X.  and Sherman, B. T.  and Huang, d. a.  W.  and Stephens, R.  and Baseler, M. W.  and Lane, H. C.  and Lempicki, R. A. ",
   Title="{{D}{A}{V}{I}{D}-{W}{S}: a stateful web service to facilitate gene/protein list analysis}",
   Journal="Bioinformatics",
   Year="2012",
   Volume="28",
   Number="13",
   Pages="1805--1806",
   Month="Jul"
}

% 21599902 
@Article{pmid21599902,
   Author="Kalaitzis, A. A.  and Lawrence, N. D. ",
   Title="{{A} simple approach to ranking differentially expressed gene expression time courses through {G}aussian process regression}",
   Journal="BMC Bioinformatics",
   Year="2011",
   Volume="12",
   Pages="180",
   Month="May"
}

% 12431279 
@Article{pmid12431279,
   Author="Robinson, M. D.  and Grigull, J.  and Mohammad, N.  and Hughes, T. R. ",
   Title="{{F}un{S}pec: a web-based cluster interpreter for yeast}",
   Journal="BMC Bioinformatics",
   Year="2002",
   Volume="3",
   Pages="35",
   Month="Nov"
}

% 11829497 
@Article{pmid11829497,
   Author="Khatri, P.  and Draghici, S.  and Ostermeier, G. C.  and Krawetz, S. A. ",
   Title="{{P}rofiling gene expression using onto-express}",
   Journal="Genomics",
   Year="2002",
   Volume="79",
   Number="2",
   Pages="266--270",
   Month="Feb"
}

% 12702209 
@Article{pmid12702209,
   Author="Zeeberg, B. R.  and Feng, W.  and Wang, G.  and Wang, M. D.  and Fojo, A. T.  and Sunshine, M.  and Narasimhan, S.  and Kane, D. W.  and Reinhold, W. C.  and Lababidi, S.  and Bussey, K. J.  and Riss, J.  and Barrett, J. C.  and Weinstein, J. N. ",
   Title="{{G}o{M}iner: a resource for biological interpretation of genomic and proteomic data}",
   Journal="Genome Biol.",
   Year="2003",
   Volume="4",
   Number="4",
   Pages="R28"
}

@InCollection{Fisher1935,
  author = 	 {Fisher, R. A.},
  title = 	 {Mathematics of a Lady Tasting Tea},
  booktitle = 	 {The Design of Experiments},
  year={1935},
  publisher={Oliver and Boyd},
  address={Edinburgh}
}

@Book{GilksEtal96,
  author = 	 {Gilks, W. and Richardson, S. and Spiegelhalter, D.},
  title = 	 {{M}arkov {C}hain {M}onte {C}arlo in Practice},
  publisher = 	 {Chapman \& Hall},
  address =      {London, UK},
  year = 	 {1996}
}
